<record><leader>00000cas a22000007a 4500</leader><controlfield tag="001">13181895</controlfield><controlfield tag="008">860221d18811882wvuwr ne      0    0eng d</controlfield><datafield ind1=" " ind2=" " tag="010"><subfield code="a">sn 86092248 </subfield></datafield><datafield ind1=" " ind2=" " tag="040"><subfield code="a">WVC</subfield><subfield code="b">eng</subfield><subfield code="c">WVC</subfield><subfield code="d">OCL</subfield><subfield code="d">OCLCQ</subfield></datafield><datafield ind1=" " ind2=" " tag="042"><subfield code="a">msc</subfield></datafield><datafield ind1="0" ind2="0" tag="245"><subfield code="a">Newburg herald.</subfield></datafield><datafield ind1=" " ind2=" " tag="260"><subfield code="a">Newburg, W. Va. :</subfield><subfield code="b">C.H. McCafferty &amp; Co.</subfield></datafield><datafield ind1=" " ind2=" " tag="300"><subfield code="a">v.</subfield></datafield><datafield ind1=" " ind2=" " tag="310"><subfield code="a">Weekly</subfield></datafield><datafield ind1="1" ind2=" " tag="362"><subfield code="a">Began Jan. 15, 1881; ceased in Oct., 1882.</subfield><subfield code="z">Cf. Garner, W. Scott. Press of Preston., 1885.</subfield></datafield><datafield ind1=" " ind2=" " tag="500"><subfield code="a">Publishers: C.H. McCafferty &amp; W.J. Martin, Jan., 1881-Aug., 1881; McCafferty, 1881; Hiekes &amp; Grimes, Dec., 1881-Mar., 1882; W.J. Martin, 1882.</subfield></datafield><datafield ind1=" " ind2=" " tag="588"><subfield code="a">Description based on: Vol. 1, no. 20 (June 2, 1881).</subfield></datafield><datafield ind1=" " ind2=" " tag="752"><subfield code="a">United States</subfield><subfield code="b">West Virginia</subfield><subfield code="c">Preston</subfield><subfield code="d">Newburg.</subfield></datafield></record>